@inproceedings{penha2022,
  title={Evaluating the robustness of retrieval pipelines with query variation generators},
  author={Penha, Gustavo and C{\^a}mara, Arthur and Hauff, Claudia},
  booktitle={Advances in Information Retrieval: 44th European Conference on IR Research, ECIR 2022, Stavanger, Norway, April 10--14, 2022, Proceedings, Part I},
  pages={397--412},
  year={2022},
  organization={Springer}
}

@inproceedings{trec,
  title={The TREC-8 Query Track.},
  author={Buckley, Chris and Walz, Janet A},
  booktitle={TREC},
  year={1999}
}

@inproceedings{uqv,
  title={UQV100: A test collection with query variability},
  author={Bailey, Peter and Moffat, Alistair and Scholer, Falk and Thomas, Paul},
  booktitle={Proceedings of the 39th International ACM SIGIR conference on Research and Development in Information Retrieval},
  pages={725--728},
  year={2016}
}

@article{bert,
  title={Bert: Pre-training of deep bidirectional transformers for language understanding},
  author={Devlin, Jacob and Chang, Ming-Wei and Lee, Kenton and Toutanova, Kristina},
  journal={arXiv preprint arXiv:1810.04805},
  year={2018}
}

@article{gpt,
  title={Improving language understanding by generative pre-training},
  author={Radford, Alec and Narasimhan, Karthik and Salimans, Tim and Sutskever, Ilya and others},
  year={2018},
  publisher={OpenAI}
}

@inproceedings{zendel,
  title={Information needs, queries, and query performance prediction},
  author={Zendel, Oleg and Shtok, Anna and Raiber, Fiana and Kurland, Oren and Culpepper, J Shane},
  booktitle={Proceedings of the 42nd International ACM SIGIR Conference on Research and Development in Information Retrieval},
  pages={395--404},
  year={2019}
}

@inproceedings{bailey,
  title={User variability and IR system evaluation},
  author={Bailey, Peter and Moffat, Alistair and Scholer, Falk and Thomas, Paul},
  booktitle={Proceedings of The 38th International ACM SIGIR conference on research and development in Information Retrieval},
  pages={625--634},
  year={2015}
}

@article{moffat,
  title={Incorporating user expectations and behavior into the measurement of search effectiveness},
  author={Moffat, Alistair and Bailey, Peter and Scholer, Falk and Thomas, Paul},
  journal={ACM Transactions on Information Systems (TOIS)},
  volume={35},
  number={3},
  pages={1--38},
  year={2017},
  publisher={ACM New York, NY, USA}
}

@inproceedings{gao,
  title={Black-box generation of adversarial text sequences to evade deep learning classifiers},
  author={Gao, Ji and Lanchantin, Jack and Soffa, Mary Lou and Qi, Yanjun},
  booktitle={2018 IEEE Security and Privacy Workshops (SPW)},
  pages={50--56},
  year={2018},
  organization={IEEE}
}

@article{garg,
  title={Bae: Bert-based adversarial examples for text classification},
  author={Garg, Siddhant and Ramakrishnan, Goutham},
  journal={arXiv preprint arXiv:2004.01970},
  year={2020}
}

@article{wu,
  title={Are neural ranking models robust?},
  author={Wu, Chen and Zhang, Ruqing and Guo, Jiafeng and Fan, Yixing and Cheng, Xueqi},
  journal={ACM Transactions on Information Systems},
  volume={41},
  number={2},
  pages={1--36},
  year={2022},
  publisher={ACM New York, NY}
}

@article{ribeiro,
  title={Beyond accuracy: Behavioral testing of NLP models with CheckList},
  author={Ribeiro, Marco Tulio and Wu, Tongshuang and Guestrin, Carlos and Singh, Sameer},
  journal={arXiv preprint arXiv:2005.04118},
  year={2020}
}

@inproceedings{lu,
  title={Relevance modeling with multiple query variations},
  author={Lu, Xiaolu and Kurland, Oren and Culpepper, J Shane and Craswell, Nick and Rom, Ofri},
  booktitle={Proceedings of the 2019 ACM SIGIR International Conference on Theory of Information Retrieval},
  pages={27--34},
  year={2019}
}

@inproceedings{characterbert,
  title={CharacterBERT and self-teaching for improving the robustness of dense retrievers on queries with typos},
  author={Zhuang, Shengyao and Zuccon, Guido},
  booktitle={Proceedings of the 45th International ACM SIGIR Conference on Research and Development in Information Retrieval},
  pages={1444--1454},
  year={2022}
}

@article{chen,
  title={Dealing with textual noise for robust and effective BERT re-ranking},
  author={Chen, Xuanang and He, Ben and Hui, Kai and Sun, Le and Sun, Yingfei},
  journal={Information Processing \& Management},
  volume={60},
  number={1},
  pages={103135},
  year={2023},
  publisher={Elsevier}
}

@inproceedings{zuccon,
  title={Query variations and their effect on comparing information retrieval systems},
  author={Zuccon, Guido and Palotti, Joao and Hanbury, Allan},
  booktitle={Proceedings of the 25th ACM International on Conference on Information and Knowledge Management},
  pages={691--700},
  year={2016}
}

@inproceedings{benham,
  title={Towards Efficient and Effective Query Variant Generation.},
  author={Benham, Rodger and Culpepper, J Shane and Gallagher, Luke and Lu, Xiaolu and Mackenzie, Joel M},
  booktitle={DESIRES},
  pages={62--67},
  year={2018}
}

@inproceedings{bm25,
  title={Some simple effective approximations to the 2-poisson model for probabilistic weighted retrieval},
  author={Robertson, Stephen E and Walker, Steve},
  booktitle={SIGIRâ€™94: Proceedings of the Seventeenth Annual International ACM-SIGIR Conference on Research and Development in Information Retrieval, organised by Dublin City University},
  pages={232--241},
  year={1994},
  organization={Springer}
}

@article{msmarco,
  title={MS MARCO: A human generated machine reading comprehension dataset},
  author={Nguyen, Tri and Rosenberg, Mir and Song, Xia and Gao, Jianfeng and Tiwary, Saurabh and Majumder, Rangan and Deng, Li},
  journal={choice},
  volume={2640},
  pages={660},
  year={2016}
}

@inproceedings{epic,
  title={Expansion via prediction of importance with contextualization},
  author={MacAvaney, Sean and Nardini, Franco Maria and Perego, Raffaele and Tonellotto, Nicola and Goharian, Nazli and Frieder, Ophir},
  booktitle={Proceedings of the 43rd International ACM SIGIR conference on research and development in Information Retrieval},
  pages={1573--1576},
  year={2020}
}

@inproceedings{knrm,
  title={End-to-end neural ad-hoc ranking with kernel pooling},
  author={Xiong, Chenyan and Dai, Zhuyun and Callan, Jamie and Liu, Zhiyuan and Power, Russell},
  booktitle={Proceedings of the 40th International ACM SIGIR conference on research and development in information retrieval},
  pages={55--64},
  year={2017}
}

@inproceedings{pipelines,
  title={Efficient query processing in geographic web search engines},
  author={Chen, Yen-Yu and Suel, Torsten and Markowetz, Alexander},
  booktitle={Proceedings of the 2006 ACM SIGMOD international conference on Management of data},
  pages={277--288},
  year={2006}
}

@article{nlp,
  title={Natural language processing},
  author={Chowdhary, KR1442 and Chowdhary, KR},
  journal={Fundamentals of artificial intelligence},
  pages={603--649},
  year={2020},
  publisher={Springer}
}

@inproceedings{sokolova,
  title={Beyond accuracy, F-score and ROC: a family of discriminant measures for performance evaluation},
  author={Sokolova, Marina and Japkowicz, Nathalie and Szpakowicz, Stan},
  booktitle={AI 2006: Advances in Artificial Intelligence: 19th Australian Joint Conference on Artificial Intelligence, Hobart, Australia, December 4-8, 2006. Proceedings 19},
  pages={1015--1021},
  year={2006},
  organization={Springer}
}

@inproceedings{antique,
  title={ANTIQUE: A non-factoid question answering benchmark},
  author={Hashemi, Helia and Aliannejadi, Mohammad and Zamani, Hamed and Croft, W Bruce},
  booktitle={Advances in Information Retrieval: 42nd European Conference on IR Research, ECIR 2020, Lisbon, Portugal, April 14--17, 2020, Proceedings, Part II 42},
  pages={166--173},
  year={2020},
  organization={Springer}
}

@inproceedings{cknrm,
  title={Convolutional neural networks for soft-matching n-grams in ad-hoc search},
  author={Dai, Zhuyun and Xiong, Chenyan and Callan, Jamie and Liu, Zhiyuan},
  booktitle={Proceedings of the eleventh ACM international conference on web search and data mining},
  pages={126--134},
  year={2018}
}

@article{t5,
  title={Document ranking with a pretrained sequence-to-sequence model},
  author={Nogueira, Rodrigo and Jiang, Zhiying and Lin, Jimmy},
  journal={arXiv preprint arXiv:2003.06713},
  year={2020}
}

@article{rm3,
  title={UMass at TREC 2004: Novelty and HARD},
  author={Abdul-Jaleel, Nasreen and Allan, James and Croft, W Bruce and Diaz, Fernando and Larkey, Leah and Li, Xiaoyan and Smucker, Mark D and Wade, Courtney},
  journal={Computer Science Department Faculty Publication Series},
  pages={189},
  year={2004}
}

@article{t5-methods,
  title={Exploring the limits of transfer learning with a unified text-to-text transformer},
  author={Raffel, Colin and Shazeer, Noam and Roberts, Adam and Lee, Katherine and Narang, Sharan and Matena, Michael and Zhou, Yanqi and Li, Wei and Liu, Peter J},
  journal={The Journal of Machine Learning Research},
  volume={21},
  number={1},
  pages={5485--5551},
  year={2020},
  publisher={JMLRORG}
}

@inproceedings{pyterrier,
  title={Declarative experimentation in information retrieval using PyTerrier},
  author={Macdonald, Craig and Tonellotto, Nicola},
  booktitle={Proceedings of the 2020 ACM SIGIR on International Conference on Theory of Information Retrieval},
  pages={161--168},
  year={2020}
}

@inproceedings{opennir,
  title={OpenNIR: A complete neural ad-hoc ranking pipeline},
  author={MacAvaney, Sean},
  booktitle={Proceedings of the 13th International Conference on Web Search and Data Mining},
  pages={845--848},
  year={2020}
}

@article{monot5,
  title={Document ranking with a pretrained sequence-to-sequence model},
  author={Nogueira, Rodrigo and Jiang, Zhiying and Lin, Jimmy},
  journal={arXiv preprint arXiv:2003.06713},
  year={2020}
}

@article{textattack,
  title={Textattack: A framework for adversarial attacks, data augmentation, and adversarial training in nlp},
  author={Morris, John X and Lifland, Eli and Yoo, Jin Yong and Grigsby, Jake and Jin, Di and Qi, Yanjun},
  journal={arXiv preprint arXiv:2005.05909},
  year={2020}
}

@inproceedings{hugging,
  title={Transformers: State-of-the-art natural language processing},
  author={Wolf, Thomas and Debut, Lysandre and Sanh, Victor and Chaumond, Julien and Delangue, Clement and Moi, Anthony and Cistac, Pierric and Rault, Tim and Louf, R{\'e}mi and Funtowicz, Morgan and others},
  booktitle={Proceedings of the 2020 conference on empirical methods in natural language processing: system demonstrations},
  pages={38--45},
  year={2020}
}

@article{desctitle,
  title={Exploring the limits of transfer learning with a unified text-to-text transformer},
  author={Raffel, Colin and Shazeer, Noam and Roberts, Adam and Lee, Katherine and Narang, Sharan and Matena, Michael and Zhou, Yanqi and Li, Wei and Liu, Peter J},
  journal={The Journal of Machine Learning Research},
  volume={21},
  number={1},
  pages={5485--5551},
  year={2020},
  publisher={JMLRORG}
}

@article{glovefit,
  title={Counter-fitting word vectors to linguistic constraints},
  author={Mrk{\v{s}}i{\'c}, Nikola and S{\'e}aghdha, Diarmuid O and Thomson, Blaise and Ga{\v{s}}i{\'c}, Milica and Rojas-Barahona, Lina and Su, Pei-Hao and Vandyke, David and Wen, Tsung-Hsien and Young, Steve},
  journal={arXiv preprint arXiv:1603.00892},
  year={2016}
}

@article{translation,
  title={Beyond english-centric multilingual machine translation},
  author={Fan, Angela and Bhosale, Shruti and Schwenk, Holger and Ma, Zhiyi and El-Kishky, Ahmed and Goyal, Siddharth and Baines, Mandeep and Celebi, Onur and Wenzek, Guillaume and Chaudhary, Vishrav and others},
  journal={The Journal of Machine Learning Research},
  volume={22},
  number={1},
  pages={4839--4886},
  year={2021},
  publisher={JMLRORG}
}

@inproceedings{alexa,
  title={Next-generation of virtual personal assistants (microsoft cortana, apple siri, amazon alexa and google home)},
  author={Kepuska, Veton and Bohouta, Gamal},
  booktitle={2018 IEEE 8th annual computing and communication workshop and conference (CCWC)},
  pages={99--103},
  year={2018},
  organization={IEEE}
}

@inproceedings{rankfusion,
  title={Reciprocal rank fusion outperforms condorcet and individual rank learning methods},
  author={Cormack, Gordon V and Clarke, Charles LA and Buettcher, Stefan},
  booktitle={Proceedings of the 32nd international ACM SIGIR conference on Research and development in information retrieval},
  pages={758--759},
  year={2009}
}